<record><leader>00000cas a2200000 a 4500</leader><controlfield tag="001">13238889</controlfield><controlfield tag="008">860305d18391841vtuwr ne      0   a0eng d</controlfield><datafield ind1=" " ind2=" " tag="010"><subfield code="a">sn 86086342 </subfield></datafield><datafield ind1=" " ind2=" " tag="040"><subfield code="a">NPV</subfield><subfield code="b">eng</subfield><subfield code="c">NPV</subfield><subfield code="d">DLC</subfield><subfield code="d">NSD</subfield><subfield code="d">NVH</subfield><subfield code="d">MGN</subfield><subfield code="d">NVN</subfield><subfield code="d">OCL</subfield><subfield code="d">NVN</subfield><subfield code="d">OCLCQ</subfield><subfield code="d">DLC</subfield><subfield code="d">OCLCA</subfield><subfield code="d">OCLCF</subfield><subfield code="d">NVN</subfield><subfield code="d">DLC</subfield></datafield><datafield ind1="0" ind2=" " tag="022"><subfield code="a">1055-7113</subfield><subfield code="l">1055-7113</subfield><subfield code="2">1</subfield></datafield><datafield ind1=" " ind2=" " tag="042"><subfield code="a">msc</subfield><subfield code="a">nsdp</subfield></datafield><datafield ind1=" " ind2=" " tag="043"><subfield code="a">n-us-vt</subfield></datafield><datafield ind1=" " ind2=" " tag="045"><subfield code="a">w3w4</subfield></datafield><datafield ind1="0" ind2="0" tag="050"><subfield code="a">Newspaper</subfield></datafield><datafield ind1=" " ind2=" " tag="052"><subfield code="a">n-us-vt</subfield></datafield><datafield ind1="1" ind2="0" tag="082"><subfield code="a">071</subfield><subfield code="2">12</subfield></datafield><datafield ind1="0" ind2=" " tag="130"><subfield code="a">North American (Swanton, Vt.)</subfield></datafield><datafield ind1=" " ind2="0" tag="222"><subfield code="a">North American</subfield><subfield code="b">(Swanton, Vt.)</subfield></datafield><datafield ind1="1" ind2="0" tag="245"><subfield code="a">North American.</subfield></datafield><datafield ind1=" " ind2=" " tag="260"><subfield code="a">Swanton, Vt. :</subfield><subfield code="b">H.J. Thomas,</subfield><subfield code="c">1839-1841.</subfield></datafield><datafield ind1=" " ind2=" " tag="300"><subfield code="a">v.</subfield></datafield><datafield ind1=" " ind2=" " tag="310"><subfield code="a">Weekly</subfield></datafield><datafield ind1="0" ind2=" " tag="362"><subfield code="a">Vol. 1, no. 1 (Apr. 10, 1839)-v. 2, no. 52 (Aug. 12, 1841).</subfield></datafield><datafield ind1=" " ind2=" " tag="500"><subfield code="a">"Canadian rights and Canadian independence".</subfield></datafield><datafield ind1=" " ind2=" " tag="500"><subfield code="a">Paged continuously.</subfield></datafield><datafield ind1=" " ind2=" " tag="530"><subfield code="a">Also available on microfilm from Ontario Dept. of Public Records &amp; Archives.</subfield></datafield><datafield ind1=" " ind2=" " tag="530"><subfield code="a">Archived issues are available in digital format from the LIbrary of Congress Chronicling America online collection.</subfield></datafield><datafield ind1=" " ind2=" " tag="555"><subfield code="a">Vol. 1, in v. 1, no. 52 (April 8, 1840).</subfield></datafield><datafield ind1=" " ind2=" " tag="555"><subfield code="a">Vol. 2, in v. 2, no. 52 (Aug. 14, 1841).</subfield></datafield><datafield ind1=" " ind2="0" tag="651"><subfield code="a">Canada</subfield><subfield code="v">Newspapers.</subfield></datafield><datafield ind1=" " ind2="0" tag="651"><subfield code="a">Vermont</subfield><subfield code="v">Newspapers.</subfield></datafield><datafield ind1=" " ind2="0" tag="651"><subfield code="a">United States</subfield><subfield code="v">Newspapers.</subfield></datafield><datafield ind1=" " ind2="7" tag="651"><subfield code="a">Canada.</subfield><subfield code="2">fast</subfield><subfield code="0">(OCoLC)fst01204310</subfield></datafield><datafield ind1=" " ind2="7" tag="651"><subfield code="a">United States.</subfield><subfield code="2">fast</subfield><subfield code="0">(OCoLC)fst01204155</subfield></datafield><datafield ind1=" " ind2="7" tag="651"><subfield code="a">Vermont.</subfield><subfield code="2">fast</subfield><subfield code="0">(OCoLC)fst01204305</subfield></datafield><datafield ind1=" " ind2="7" tag="655"><subfield code="a">Newspapers.</subfield><subfield code="2">fast</subfield><subfield code="0">(OCoLC)fst01423814</subfield></datafield><datafield ind1=" " ind2=" " tag="752"><subfield code="a">United States</subfield><subfield code="b">Vermont</subfield><subfield code="c">Franklin</subfield><subfield code="d">Swanton.</subfield></datafield><datafield ind1="4" ind2="1" tag="856"><subfield code="u">http://chroniclingamerica.loc.gov/lccn/sn86086342/issues/</subfield></datafield><datafield ind1="1" ind2=" " tag="029"><subfield code="a">AU@</subfield><subfield code="b">000020128414</subfield></datafield></record>